@misc{digitalworld,
title={The Digital Universe of Opportunities: Rich Data and the Increasing Values of the Internet of Things},
year={April 2014},
howpublished={\url{https://www.emc.com/leadership/digital-universe/2014iview/executive-summary.htm}},
note = {Online; accessed 18 June 2018} 
}
@misc{netflix,
title={Why 'anonymous' data sometimes isn't},
author={Bruce Schneier},
year={December 2017},
howpublished={\url{https://www.wired.com/2007/12/why-anonymous-data-sometimes-isnt/}},
note = {Online; accessed 18 June 2018}
}
@misc{whatdoublereceipt,
title={Court accepts WhatsApp blue double-tick as receipt proof},
author={Mahender Singh Manral},
year={May 2017},
howpublished={\url{https://indianexpress.com/article/india/court-accepts-whatsapp-blue-double-tick-as-receipt-proof-summon-delhi-hc-4661278/}},
note = {Online; accessed 18 June 2018}
}
@misc{puttaswam,
title={Right To Privacy: SC's Verdict On KS Puttaswamy Case Is Landmark, But Raises Five Interesting Law And Policy Issues},
author={Jaideep Reddy},
year={August 2017},
howpublished={\url{https://www.firstpost.com/india/right-to-privacy-scs-verdict-on-ks-puttaswamy-case-is-landmark-but-may-raise-few-law-and-policy-issues-3988913.html}},
note = {Online; accessed 18 June 2018}
}
@misc{kharak,
howpublished={Kharak Singh v. State of Uttar Pradesh, (1964) 1 SCR 332.}
}
@misc{mpsharma,
howpublished={M.P. Sharma v. Satish Chandra, (1954) SCR 1077.}
}
@misc{whatuserthird,
title={Supreme Court tells WhatsApp to give details of user data it shared with third parties},
year={September 2017},
howpublished={\url{https://www.livemint.com/Industry/4ZHBBToChW2T6JMThhjR9L/SC-tells-WhatsApp-to-give-details-of-user-data-it-shared-wit.html }},
note = {Online; accessed 18 June 2018}
}
@misc{havasupai1,
title={Havasupai Tribe and the lawsuit settlement aftermath},
howpublished={\url{http://genetics.ncai.org/case-study/havasupai-Tribe.cfm}},
note = {Online; accessed 18 June 2018}
}
@misc{havasupai2,
title={Indian Tribe Wins Fight to Limit Research of Its DNA},
author={Amy Harmon},
year={April 2010},
howpublished={\url{https://www.nytimes.com/2010/04/22/us/22dna.html?pagewanted=all&_r=1&}},
note = {Online; accessed 18 June 2018}
}
@misc{aadharlok,
title={Aadhar Bill passed in Lok Sabha, Opposition fears ‘surveillance’},
year={March 2016},
howpublished={\url{https://indianexpress.com/article/india/india-news-india/aadhar-card-uid-bill-lok-sabha-arun-jaitley/}},
note = {Online; accessed 18 June 2018}
}
@misc{aadhar30,
howpublished={Section 30, Aadhaar Act.}
}
@misc{aadhar3,
howpublished={Section 3, Aadhaar Act.}
}
@misc{aadhar7,
howpublished={Section 7, Aadhaar Act.}
}
@misc{aadhararun,
title={Privacy is a fundamental right},
author={Arun Chinmayi},
year={September 2016},
howpublished={\url{http://www.thehindu.com/opinion/lead/lead-article-on-aadhaar-bill-by-chinmayi-arun-privacy-is-a-fundamental-right/article8366413.ece}},
note = {Online; accessed 18 June 2018}
}
@misc{aadharbhanu,
title={Privacy after Aadhaar},
author={Pratap Bhanu Mehta},
year={September 2016},
howpublished={\url{http://indianexpress.com/article/opinion/columns/privacy-after-aadhaar-money-bill-rajya-sabha-upa/}},
note = {Online; accessed 18 June 2018}
}
@misc{aadharjean,
title={The Aadhaar coup},
author={Jean Drèze},
year={September 2016},
howpublished={\url{http://www.thehindu.com/opinion/lead/jean-dreze-on-aadhaar-mass-surveillance-data-collection/article8352912.ece}},
note = {Online; accessed 18 June 2018}
}
@misc{aadharlist,
title={List of Recommendations on the Aadhaar Bill, 2016 - Letter Submitted to the Members of Parliament},
year={2016},
howpublished={\url{https://cis-india.org/internet-governance/blog/list-of-recommendations-on-the-aadhaar-bill-2016}},
note = {Online; accessed 18 June 2018}
}
@misc{aadharshah,
title={Report of the Group of Experts on Privacy },
howpublished={\url{http://planningcommission.nic.in/reports/genrep/rep_privacy.pdf}},
note = {Online; accessed 18 June 2018}
}
@misc{aadharnew,
title={Aadhaar gets new security features, but this is why your data still may not be safe},
author={Aman Sethi and Samarth Bansal},
year={July 2017},
howpublished={\url{https://www.hindustantimes.com/india-news/aadhaar-gets-new-security-features-but-this-is-why-your-data-still-may-not-be-safe/story-RoZJAOUXtWZREr4V4M5TvK.html}},
note = {Online; accessed 18 June 2018}
}
@misc{aadharshw,
title={Privacy and Security of Aadhaar: A Computer Science Perspective},
author={Shweta Agrawal, Subhashis Banerjee, Subodh Sharma},
howpublished={Economic and Political Weekly},
year={September 2016}
}
@article{layeredapp,
author = {Svantesson, Dan},
year = {2013},
month = {October},
title = {A "layered approach" to the extraterritoriality of data privacy laws},
booktitle = {International Data Privacy Law}
}
@misc{eugp83,
howpublished={Article 83, EU GDPR}
}
@misc{dataindo,
title={Data protection in Indonesia: overview},
author={Denny Rahmansyah and Saprita Tahir},
year={October 2017},
howpublished={\url{https://content.next.westlaw.com/Document/Ic7ba28fe5f0811e498db8b09b4f043e0/View/FullText.html?transitionType=Default&contextData=(sc.Default)&firstPage=true&bhcp=1}},
note = {Online; accessed 18 June 2018}
}
@misc{cambana,
title={How Cambridge Analytica turned Facebook ‘likes’ into a lucrative political tool},
author={Carole Cadwalladr and Emma Graham-Harrison},
year={March 2018},
howpublished={\url{https://www.theguardian.com/technology/2018/mar/17/facebook-cambridge-analytica-kogan-data-algorithm}},
note = {Online; accessed 18 June 2018}
}
@article{zipcodeid,
author = {Sweeney, Latanya},
title = {Simple Demographics Often Identify People Uniquely},
year = {2000},
month = {January},
booktitle = {Health}
}
@inproceedings{gen09,
  author    = {Craig Gentry},
  title     = {Fully homomorphic encryption using ideal lattices},
  booktitle = {STOC},
  year      = {2009},
  ee        = {http://doi.acm.org/10.1145/1536414.1536440},
}
@inproceedings{bsw11,
  author    = {Dan Boneh and
               Amit Sahai and
               Brent Waters},
  title     = {Functional Encryption: Definitions and Challenges},
  booktitle = {TCC},
  year      = {2011}
}
@misc{anonpseudo,
howpublished={\url{https://iapp.org/media/pdf/resource_center/PA_WP2-Anonymous-pseudonymous-comparison.pdf}}
}
@misc{ubersmear,
title={Uber executive casually threatens journalist with smear campaign},
author={Jacob Kastrenakes},
year={November 2014},
howpublished={\url{https://www.theverge.com/2014/11/18/7240215/uber-exec-casually-threatens-sarah-lacy-with-smear-campaign}},
note = {Online; accessed 18 June 2018}
}
@misc{payloan,
title={Paytm offers unsecured loans to small businesses, Mobikwik to follow suit},
author={Sunny Sen},
year={July 2016},
howpublished={\url{https://www.hindustantimes.com/business-news/paytm-offers-unsecured-loans-to-small-businesses-mobikwik-to-follow-suit/story-SwTyKWpVxVGfTwaqoKku2K.html}},
note = {Online; accessed 18 June 2018}
}
@misc{usmicro,
title={US govt can't stop Microsoft taking its Irish email seizure fight to the Supreme Court},
author={Kieren McCarthy},
year={January 2017},
howpublished={\url{https://www.theregister.co.uk/2017/01/24/us_government_microsoft_email_seizure_appeal/}},
note = {Online; accessed 18 June 2018}
}
@misc{obproc,
title={Chapter 11: Obligations of processors – Unlocking the EU General Data Protection Regulation},
author={Dr. Detlev Gabel and Tim Hickman},
year={July 2016},
howpublished={\url{https://www.whitecase.com/publications/article/chapter-11-obligations-processors-unlocking-eu-general-data-protection}},
note = {Online; accessed 18 June 2018}
}
@misc{googlespain,
title={Google Spain SL v. Agencia Española de Protección de Datos},
howpublished={\url{https://globalfreedomofexpression.columbia.edu/cases/google-spain-sl-v-agencia-espanola-de-proteccion-de-datos-aepd/}},
note = {Online; accessed 18 June 2018}
}
@misc{wayback,
howpublished={\url{http://archive.org/web/}},
note = {Online; accessed 18 June 2018}
}
@misc{secproto,
title={GDPR encryption: what you should know and what you do not know},
howpublished={\url{https://www.i-scoop.eu/gdpr-encryption/}},
note = {Online; accessed 18 June 2018}
}
